<record><leader>00000cas a22000007a 4500</leader><controlfield tag="001">14205723</controlfield><controlfield tag="008">860911d19201921iauwr ne      0    0eng d</controlfield><datafield ind1=" " ind2=" " tag="010"><subfield code="a">sn 86060171 </subfield></datafield><datafield ind1=" " ind2=" " tag="040"><subfield code="a">INP</subfield><subfield code="b">eng</subfield><subfield code="c">INP</subfield><subfield code="d">OCLCQ</subfield></datafield><datafield ind1=" " ind2=" " tag="042"><subfield code="a">msc</subfield></datafield><datafield ind1="0" ind2=" " tag="130"><subfield code="a">Salem news (Salem, Iowa : 1920)</subfield></datafield><datafield ind1="1" ind2="0" tag="245"><subfield code="a">Salem news.</subfield></datafield><datafield ind1="1" ind2="3" tag="246"><subfield code="a">Salem weekly news, Salem, Iowa</subfield></datafield><datafield ind1=" " ind2=" " tag="260"><subfield code="a">Salem, Iowa :</subfield><subfield code="b">[s.n.],</subfield><subfield code="c">1920-1921.</subfield></datafield><datafield ind1=" " ind2=" " tag="300"><subfield code="a">v. :</subfield><subfield code="b">ill.</subfield></datafield><datafield ind1=" " ind2=" " tag="310"><subfield code="a">Weekly</subfield></datafield><datafield ind1="0" ind2=" " tag="362"><subfield code="a">Dec. 30, 1920-Sept. 29, 1921.</subfield></datafield><datafield ind1=" " ind2=" " tag="500"><subfield code="a">Publisher: Andrew C. Gault, Mar. 17-Sept. 29, 1921.</subfield></datafield><datafield ind1=" " ind2=" " tag="525"><subfield code="a">June 9, 1921, issue includes supplement.</subfield></datafield><datafield ind1=" " ind2=" " tag="752"><subfield code="a">United States</subfield><subfield code="b">Iowa</subfield><subfield code="c">Henry</subfield><subfield code="d">Salem.</subfield></datafield><datafield ind1="0" ind2="0" tag="780"><subfield code="t">Salem weekly news (Salem, Iowa : 1880)</subfield><subfield code="w">(DLC)sn 86077048</subfield></datafield><datafield ind1="0" ind2="0" tag="785"><subfield code="t">Salem weekly news (Salem, Iowa : 1921)</subfield><subfield code="w">(DLC)sn 86060172</subfield></datafield></record>